date,symbol,prev_close,pm_price,gap_pct,pm_volume,float_shares,captured_at,phase
2026-04-12,ZNTL,4.42,6.61,49.55,46116463,48670653,2026-04-12T16:49:01-04:00,pre_open
2026-04-12,OGN,6.91,8.83,27.79,38055722,258709502,2026-04-12T16:49:01-04:00,pre_open
2026-04-12,SIDU,3.34,4.25,27.25,48259136,35153372,2026-04-12T16:49:01-04:00,pre_open
2026-04-12,LWLG,8.44,10.6,25.59,13576594,146459526,2026-04-12T16:49:01-04:00,pre_open
2026-04-12,SPIR,17.92,21.56,20.31,6064844,28343095,2026-04-12T16:49:01-04:00,pre_open
2026-04-13,ALLO,2.72,4.0049,47.24,48233982,162195742,2026-04-13T10:28:50-04:00,pre_open
2026-04-13,RVMD,96.315,129.655,34.46,6264152,172247017,2026-04-13T10:28:50-04:00,pre_open
2026-04-13,SYRE,51.3311,64.34,25.44,2302993,52572996,2026-04-13T10:28:50-04:00,pre_open
2026-04-13,IDYA,30.6,36.6,20,4311449,86961353,2026-04-13T10:28:50-04:00,pre_open
2026-04-13,ALLO,2.72,3.775,38.79,53000400,162195742,2026-04-13T10:57:52-04:00,pre_open
2026-04-13,RVMD,96.43,131.745,36.62,7589627,172247017,2026-04-13T10:57:52-04:00,pre_open
2026-04-13,SYRE,51.29,63.3,23.42,2613525,52572996,2026-04-13T10:57:52-04:00,pre_open
2026-04-13,ALLO,2.7101,3.7701,38.61,53045019,162195742,2026-04-13T10:58:20-04:00,pre_open
2026-04-13,RVMD,96.42,131.74,36.62,7591603,172247017,2026-04-13T10:58:20-04:00,pre_open
2026-04-13,SYRE,51.29,63.0771,22.98,2614040,52572996,2026-04-13T10:58:20-04:00,pre_open
2026-04-13,RVMD,96.43,131.31,36.17,8063481,172247017,2026-04-13T11:17:52-04:00,pre_open
2026-04-13,ALLO,2.7249,3.4299,26.1,56971745,162195742,2026-04-13T11:17:52-04:00,pre_open
2026-04-13,RVMD,96.43,133.71,38.66,8902811,172247017,2026-04-13T11:53:40-04:00,pre_open
2026-04-13,ALLO,2.72,3.475,27.76,64005289,162195742,2026-04-13T11:53:40-04:00,pre_open
2026-04-13,HURA,2.27,2.8035,23.5,1855001,41234490,2026-04-13T11:53:40-04:00,pre_open
2026-04-13,SYRE,51.31,62.19,21.25,3412974,52572996,2026-04-13T11:53:40-04:00,pre_open
2026-04-13,RVMD,96.35,132.9,37.82,9018212,172247017,2026-04-13T11:57:30-04:00,pre_open
2026-04-13,ALLO,2.725,3.535,29.96,64425346,162195742,2026-04-13T11:57:30-04:00,pre_open
2026-04-13,SYRE,51.2899,63.25,23.32,3495149,52572996,2026-04-13T11:57:30-04:00,pre_open
2026-04-13,HURA,2.2689,2.7889,22.86,1894316,41234490,2026-04-13T11:57:30-04:00,pre_open
2026-04-13,RVMD,96.585,133.105,38.03,9035376,172247017,2026-04-13T11:58:57-04:00,pre_open
2026-04-14,TVTX,30.7057,40.4657,31.81,8388760,90502661,2026-04-14T10:46:28-04:00,pre_open
2026-04-14,BE,176.6,212.24,20.13,10010591,222533318,2026-04-14T10:46:28-04:00,pre_open
2026-04-14,TVTX,30.7,40.38,31.53,8711354,90502661,2026-04-14T10:58:09-04:00,pre_open
2026-04-14,BE,176.68,214.2,21.24,10867842,222533318,2026-04-14T10:58:09-04:00,pre_open
2026-04-14,IONQ,29.78,35.72,20.03,30179729,357284321,2026-04-14T10:58:09-04:00,pre_open
2026-04-14,TVTX,30.7,41.395,34.84,8883282,90502661,2026-04-14T11:02:41-04:00,pre_open
2026-04-14,BE,176.665,213.145,20.65,11089429,222533318,2026-04-14T11:02:41-04:00,pre_open
2026-04-14,TVTX,30.7,41.29,34.5,9113931,90502661,2026-04-14T11:17:06-04:00,pre_open
2026-04-14,BE,176.67,213.82,21.03,11724412,222533318,2026-04-14T11:17:06-04:00,pre_open
2026-04-14,TVTX,30.7,41.47,35.08,9482253,90502661,2026-04-14T11:47:28-04:00,pre_open
2026-04-14,BE,176.6067,217.3517,23.03,13670240,222533318,2026-04-14T11:47:28-04:00,pre_open
2026-04-14,CRDO,134.31,162.32,20.81,10912156,164882752,2026-04-14T11:47:28-04:00,pre_open
2026-04-14,TVTX,30.7,41.015,33.6,9838591,90502661,2026-04-14T11:51:14-04:00,pre_open
2026-04-14,BE,176.58,217.74,23.25,13799038,222533318,2026-04-14T11:51:14-04:00,pre_open
2026-04-14,CRDO,134.14,161.61,20.28,11086949,164882752,2026-04-14T11:51:14-04:00,pre_open
2026-04-14,TVTX,30.7,41.005,33.57,9856177,90502661,2026-04-14T11:53:31-04:00,pre_open
2026-04-14,BE,176.5101,217.39,23.05,13845899,222533318,2026-04-14T11:53:31-04:00,pre_open
2026-04-15,NNBR,1.57,2.19,39.49,4519759,44361624,2026-04-15T10:27:03-04:00,pre_open
2026-04-15,NNBR,1.57,2.01,28.03,7922783,44361624,2026-04-15T10:51:25-04:00,pre_open
2026-04-15,NNBR,1.575,2.045,30.25,8114515,44361624,2026-04-15T10:58:00-04:00,pre_open
2026-04-15,NNBR,1.57,2.03,29.3,8516313,44361624,2026-04-15T11:09:02-04:00,pre_open
2026-04-15,NNBR,1.57,2.01,28.03,9402761,44361624,2026-04-15T11:44:53-04:00,pre_open
2026-04-15,QBTS,16.9696,20.365,20.01,53199152,357924919,2026-04-15T11:49:04-04:00,pre_open
2026-04-15,NNBR,1.575,2,27.39,9466435,44361624,2026-04-15T11:53:05-04:00,pre_open
2026-04-16,CDNA,17.57,22.42,27.6,1253119,49617882,2026-04-16T10:49:38-04:00,pre_open
2026-04-16,EVTL,2.66,3.235,21.62,5298402,96079852,2026-04-16T10:49:38-04:00,pre_open
2026-04-16,CDNA,17.57,21.9563,24.96,1392976,49617882,2026-04-16T11:09:31-04:00,pre_open
2026-04-16,EVTL,2.66,3.245,21.99,6034003,96079852,2026-04-16T11:09:31-04:00,pre_open
2026-04-16,AXTI,62.93,76.45,21.48,8102852,36900669,2026-04-16T11:09:31-04:00,pre_open
2026-04-16,NN,16.925,20.545,21.07,3040060,63505437,2026-04-16T11:09:31-04:00,pre_open
2026-04-16,ACHV,3.56,4.46,25.63,4370852,47129102,2026-04-16T11:13:24-04:00,pre_open
2026-04-16,CDNA,17.57,22.05,25.5,1447838,49617882,2026-04-16T11:13:24-04:00,pre_open
2026-04-16,EVTL,2.6551,3.315,24.62,6260827,96079852,2026-04-16T11:13:24-04:00,pre_open
2026-04-16,AXTI,62.9467,76.3567,21.34,8331007,36900669,2026-04-16T11:13:24-04:00,pre_open
2026-04-16,NN,16.97,20.47,20.62,3072494,63505437,2026-04-16T11:13:24-04:00,pre_open
2026-04-16,EVTL,2.66,3.4404,29.34,7647797,96079852,2026-04-16T11:43:39-04:00,pre_open
2026-04-16,ACHV,3.55,4.54,27.89,5046292,47129102,2026-04-16T11:43:39-04:00,pre_open
2026-04-16,AXTI,62.93,77.0301,22.41,9830055,36900669,2026-04-16T11:43:39-04:00,pre_open
2026-04-16,CDNA,17.57,21.325,21.37,1552239,49617882,2026-04-16T11:43:39-04:00,pre_open
2026-04-16,NN,16.97,20.435,20.42,3623678,63505437,2026-04-16T11:43:39-04:00,pre_open
2026-04-16,ACHV,3.55,5.0126,41.2,8400655,47129102,2026-04-16T12:01:30-04:00,pre_open
2026-04-16,EVTL,2.66,3.51,31.95,8797858,96079852,2026-04-16T12:01:30-04:00,pre_open
2026-04-16,CDNA,17.57,21.57,22.77,1634719,49617882,2026-04-16T12:01:30-04:00,pre_open
2026-04-16,AXTI,62.9818,76.365,21.35,10251143,36900669,2026-04-16T12:01:30-04:00,pre_open
2026-04-16,NN,16.97,20.4212,20.34,3835314,63505437,2026-04-16T12:01:30-04:00,pre_open
2026-04-16,ACHV,3.55,5.05,42.25,9332544,47129102,2026-04-16T12:07:09-04:00,pre_open
2026-04-16,EVTL,2.665,3.495,31.39,9080833,96079852,2026-04-16T12:07:09-04:00,pre_open
2026-04-16,CDNA,17.57,21.32,21.34,1639981,49617882,2026-04-16T12:07:09-04:00,pre_open
2026-04-16,NN,16.9213,20.4513,20.51,3875817,63505437,2026-04-16T12:07:09-04:00,pre_open
2026-04-16,ACHV,3.55,5.005,40.99,9394175,47129102,2026-04-16T12:09:04-04:00,pre_open
2026-04-16,EVTL,2.66,3.405,28.01,9259931,96079852,2026-04-16T12:09:04-04:00,pre_open
2026-04-16,CDNA,17.5185,21.3585,21.56,1643618,49617882,2026-04-16T12:09:04-04:00,pre_open
2026-04-16,NN,16.97,20.41,20.27,3899865,63505437,2026-04-16T12:09:04-04:00,pre_open
2026-04-17,BZAI,1.73,2.385,37.86,26986480,59301341,2026-04-17T10:18:03-04:00,pre_open
2026-04-17,CRML,9.27,12.6886,36.88,28693560,30462953,2026-04-17T10:18:03-04:00,pre_open
2026-04-17,LZM,3.885,5.09,31.02,2153365,32157000,2026-04-17T10:18:03-04:00,pre_open
2026-04-17,RPAY,3.18,4.095,28.77,16535513,65119481,2026-04-17T10:18:03-04:00,pre_open
2026-04-17,CRML,9.2601,13.41,44.66,36523480,30462953,2026-04-17T10:38:26-04:00,pre_open
2026-04-17,BZAI,1.7303,2.2803,31.81,38439678,59301341,2026-04-17T10:38:26-04:00,pre_open
2026-04-17,LZM,3.885,5.085,30.89,2415173,32157000,2026-04-17T10:38:26-04:00,pre_open
2026-04-17,RPAY,3.1788,4.0588,27.64,19229492,65119481,2026-04-17T10:38:26-04:00,pre_open
2026-04-17,CRML,9.27,13.695,47.73,38404919,30462953,2026-04-17T10:43:22-04:00,pre_open
2026-04-17,BZAI,1.73,2.3,32.95,39172105,59301341,2026-04-17T10:43:22-04:00,pre_open
2026-04-17,LZM,3.885,5.09,31.02,2443520,32157000,2026-04-17T10:43:22-04:00,pre_open
2026-04-17,RPAY,3.17,4.075,28.14,19330462,65119481,2026-04-17T10:43:22-04:00,pre_open
2026-04-17,CRML,9.255,13.17,42.07,43975744,30462953,2026-04-17T10:59:02-04:00,pre_open
2026-04-17,LZM,3.885,5.24,34.88,2573139,32157000,2026-04-17T10:59:02-04:00,pre_open
2026-04-17,BZAI,1.73,2.285,32.08,42251217,59301341,2026-04-17T10:59:02-04:00,pre_open
2026-04-17,RPAY,3.18,4.065,27.83,19748865,65119481,2026-04-17T10:59:02-04:00,pre_open
2026-04-17,CRML,9.27,12.97,39.91,51018645,30462953,2026-04-17T11:34:37-04:00,pre_open
2026-04-17,BZAI,1.73,2.355,36.13,47679046,59301341,2026-04-17T11:34:37-04:00,pre_open
2026-04-17,LZM,3.885,5.08,30.76,2855135,32157000,2026-04-17T11:34:37-04:00,pre_open
2026-04-17,RPAY,3.18,4.0801,28.31,20261111,65119481,2026-04-17T11:34:37-04:00,pre_open
2026-04-17,INFQ,15.56,19.54,25.5,13217737,41400010,2026-04-17T11:34:37-04:00,pre_open
2026-04-17,ANL,13.69,16.46,20.23,603313,22238315,2026-04-17T11:34:37-04:00,pre_open
2026-04-17,CRML,9.27,13.12,41.53,51434199,30462953,2026-04-17T11:37:56-04:00,pre_open
2026-04-17,BZAI,1.73,2.3601,36.42,47991059,59301341,2026-04-17T11:37:56-04:00,pre_open
2026-04-17,LZM,3.885,5.097,31.2,2869523,32157000,2026-04-17T11:37:56-04:00,pre_open
2026-04-17,INFQ,15.5218,20.405,31.05,14123655,41400010,2026-04-17T11:37:56-04:00,pre_open
2026-04-17,RPAY,3.18,4.0686,27.94,20295311,65119481,2026-04-17T11:37:56-04:00,pre_open
2026-04-17,ANL,13.6904,16.6,21.26,603471,22238315,2026-04-17T11:37:56-04:00,pre_open
2026-04-17,CRML,9.27,13.105,41.37,51733716,30462953,2026-04-17T11:40:03-04:00,pre_open
2026-04-17,BZAI,1.73,2.365,36.71,48102287,59301341,2026-04-17T11:40:03-04:00,pre_open
2026-04-17,INFQ,15.6343,20.94,34.49,15069664,41400010,2026-04-17T11:40:03-04:00,pre_open
2026-04-17,LZM,3.88,5.06,30.24,2882324,32157000,2026-04-17T11:40:03-04:00,pre_open
2026-04-17,RPAY,3.18,4.05,27.36,20325416,65119481,2026-04-17T11:40:03-04:00,pre_open
2026-04-17,ANL,13.69,16.6833,21.86,608534,22238315,2026-04-17T11:40:03-04:00,pre_open
2026-04-20,CMPS,6.66,9.205,38.21,17129629,93513472,2026-04-20T10:29:20-04:00,pre_open
2026-04-20,ATAI,4.03,5.145,27.67,26042354,102494286,2026-04-20T10:29:20-04:00,pre_open
2026-04-20,GHRS,18.34,23.21,26.55,589634,44848062,2026-04-20T10:29:20-04:00,pre_open
2026-04-20,POET,7.265,8.985,23.76,23765117,90308339,2026-04-20T10:29:20-04:00,pre_open
2026-04-20,CMPS,6.66,9.1273,37.05,18939244,93513472,2026-04-20T10:59:37-04:00,pre_open
2026-04-20,ATAI,4.02,5.125,27.17,29426039,102494286,2026-04-20T10:59:37-04:00,pre_open
2026-04-20,GHRS,18.34,22.23,21.21,722276,44848062,2026-04-20T10:59:37-04:00,pre_open
2026-04-20,WIMI,1.965,2.39,20.71,863945,37500469,2026-04-20T10:59:37-04:00,pre_open
2026-04-20,CMPS,6.66,8.97,34.68,19377984,93513472,2026-04-20T11:05:19-04:00,pre_open
2026-04-20,ATAI,4.03,5.085,26.18,30060348,102494286,2026-04-20T11:05:19-04:00,pre_open
2026-04-20,CMPS,6.66,8.93,34.08,20388352,93513472,2026-04-20T11:18:39-04:00,pre_open
2026-04-20,ATAI,4.03,5.075,25.93,31421680,102494286,2026-04-20T11:18:39-04:00,pre_open
2026-04-20,POET,7.255,8.765,20.73,30751016,90308339,2026-04-20T11:18:39-04:00,pre_open
2026-04-20,CMPS,6.66,9.3099,39.79,22049444,93513472,2026-04-20T11:51:13-04:00,pre_open
2026-04-20,ATAI,4.0331,5.1931,28.86,32925738,102494286,2026-04-20T11:51:13-04:00,pre_open
2026-04-20,FLWS,3.882,4.717,21.73,1957873,54364776,2026-04-20T11:51:13-04:00,pre_open
2026-04-20,POET,7.265,8.735,20.32,33623877,90308339,2026-04-20T11:51:13-04:00,pre_open
2026-04-20,CMPS,6.661,9.32,39.94,22199037,93513472,2026-04-20T11:54:24-04:00,pre_open
2026-04-20,ATAI,4.03,5.255,30.4,33498630,102494286,2026-04-20T11:54:24-04:00,pre_open
2026-04-20,FLWS,3.8847,4.7297,22.06,2009459,54364776,2026-04-20T11:54:24-04:00,pre_open
2026-04-20,CMPS,6.66,9.345,40.32,22235205,93513472,2026-04-20T11:55:05-04:00,pre_open
2026-04-20,ATAI,4.025,5.255,30.4,33538880,102494286,2026-04-20T11:55:05-04:00,pre_open
2026-04-20,FLWS,3.875,4.755,22.71,2038107,54364776,2026-04-20T11:55:05-04:00,pre_open
2026-04-20,POET,7.255,8.73,20.25,33965535,90308339,2026-04-20T11:55:05-04:00,pre_open
2026-04-21,NVTS,13.2,16.21,22.8,35016365,189846859,2026-04-21T10:30:25-04:00,pre_open
2026-04-21,EVH,2.93,3.54,20.82,1868973,102456667,2026-04-21T10:30:25-04:00,pre_open
2026-04-21,POET,8.625,10.31,20.02,34253596,90308339,2026-04-21T10:30:25-04:00,pre_open
2026-04-21,NVTS,13.2,15.865,20.19,41465432,189846859,2026-04-21T10:55:12-04:00,pre_open
2026-04-21,NVTS,13.2,15.88,20.3,41693685,189846859,2026-04-21T10:55:38-04:00,pre_open
2026-04-21,POET,8.59,10.475,21.94,44121910,90308339,2026-04-21T11:49:17-04:00,pre_open
2026-04-21,NVTS,13.1914,15.8614,20.16,53717328,189846859,2026-04-21T11:49:17-04:00,pre_open
2026-04-21,POET,8.589,10.414,21.23,44687959,90308339,2026-04-21T11:53:19-04:00,pre_open
2026-04-21,POET,8.59,10.385,20.9,44904846,90308339,2026-04-21T11:55:09-04:00,pre_open
2026-04-22,MAAS,9.08,12.7,39.87,1008367,120403961,2026-04-22T10:30:23-04:00,pre_open
2026-04-22,NMAX,7.3768,9.1,25,2130129,30922203,2026-04-22T10:30:23-04:00,pre_open
2026-04-22,HCSG,19.3789,23.9789,23.92,611259,69466532,2026-04-22T10:30:23-04:00,pre_open
2026-04-22,MAAS,9.08,11.42,25.77,1705454,120403961,2026-04-22T10:54:37-04:00,pre_open
2026-04-22,HCSG,19.35,23.8994,23.51,730884,69466532,2026-04-22T10:54:37-04:00,pre_open
2026-04-22,NMAX,7.3158,8.8758,21.92,3250299,30922203,2026-04-22T10:54:37-04:00,pre_open
2026-04-22,NMAX,7.28,9.44,29.67,3802279,30922203,2026-04-22T11:00:16-04:00,pre_open
2026-04-22,MAAS,9.11,11.4,25.55,1751573,120403961,2026-04-22T11:00:16-04:00,pre_open
2026-04-22,HCSG,19.35,23.765,22.82,776861,69466532,2026-04-22T11:00:16-04:00,pre_open
2026-04-22,NMAX,7.28,9.751,33.94,6238996,30922203,2026-04-22T11:17:57-04:00,pre_open
2026-04-22,MAAS,9.08,11.7746,29.68,1829299,120403961,2026-04-22T11:17:57-04:00,pre_open
2026-04-22,HCSG,19.35,23.61,22.02,846124,69466532,2026-04-22T11:17:57-04:00,pre_open
2026-04-22,NMAX,7.27,9.84,35.16,14792411,30922203,2026-04-22T11:47:42-04:00,pre_open
2026-04-22,MAAS,9.08,11.9,31.06,2066954,120403961,2026-04-22T11:47:42-04:00,pre_open
2026-04-22,HCSG,19.3451,23.5551,21.73,1001932,69466532,2026-04-22T11:47:42-04:00,pre_open
2026-04-22,NMAX,7.28,9.7999,34.61,16042433,30922203,2026-04-22T11:51:19-04:00,pre_open
2026-04-22,MAAS,9.08,11.66,28.41,2089790,120403961,2026-04-22T11:51:19-04:00,pre_open
2026-04-22,HCSG,19.35,23.5355,21.63,1039618,69466532,2026-04-22T11:51:19-04:00,pre_open
2026-04-22,NMAX,7.27,9.71,33.38,16198406,30922203,2026-04-22T11:53:00-04:00,pre_open
2026-04-22,MAAS,9.0801,11.5801,27.53,2094743,120403961,2026-04-22T11:53:00-04:00,pre_open
2026-04-22,HCSG,19.35,23.51,21.5,1043545,69466532,2026-04-22T11:53:00-04:00,pre_open
2026-04-23,URI,802.96,969.76001,20.8,561286,62625828,2026-04-23T11:08:51-04:00,pre_open
2026-04-23,REPL,2.2702,2.7393,20.67,7838925,76572957,2026-04-23T11:08:51-04:00,pre_open
2026-04-23,URI,802.79,976.44,21.63,592547,62625828,2026-04-23T11:22:49-04:00,pre_open
2026-04-23,URI,802.79,977.43,21.75,593805,62625828,2026-04-23T11:23:20-04:00,pre_open
2026-04-23,URI,802.79,976,21.58,606824,62625828,2026-04-23T11:27:34-04:00,pre_open
2026-04-23,URI,802.79,980.71,22.16,670071,62625828,2026-04-23T11:57:39-04:00,pre_open
2026-04-23,URI,802.79,982.73499,22.41,704562,62625828,2026-04-23T12:15:37-04:00,pre_open
2026-04-23,URI,802.79,983.48,22.51,710579,62625828,2026-04-23T12:17:50-04:00,pre_open
2026-04-23,HELE,19.75,23.74,20.08,1234714,22470333,2026-04-23T12:17:50-04:00,pre_open
2026-04-23,URI,802.83,983.98999,22.57,713046,62625828,2026-04-23T12:18:31-04:00,pre_open
2026-04-24,LIDR,1.69,2.4199,43.19,70588678,43397976,2026-04-24T10:28:42-04:00,pre_open
2026-04-24,MX,4.27,5.2699,23.42,1969964,29045110,2026-04-24T10:28:42-04:00,pre_open
2026-04-24,INTC,66.78,82.18,23.06,127142669,4985909100,2026-04-24T10:28:42-04:00,pre_open
2026-04-24,LIDR,1.69,2.3603,39.66,76219736,43397976,2026-04-24T10:50:52-04:00,pre_open
2026-04-24,POET,11.7399,15.1899,29.61,39484613,90308339,2026-04-24T10:50:52-04:00,pre_open
2026-04-24,MX,4.27,5.3599,25.52,2425585,29045110,2026-04-24T10:50:52-04:00,pre_open
2026-04-24,INTC,66.74,82.14,23.0,139471396,4985909100,2026-04-24T10:50:52-04:00,pre_open
2026-04-24,LIDR,1.69,2.475,46.45,77495132,43397976,2026-04-24T10:55:14-04:00,pre_open
2026-04-24,POET,11.705,14.925,27.35,41420709,90308339,2026-04-24T10:55:14-04:00,pre_open
2026-04-24,MX,4.265,5.425,27.05,2575743,29045110,2026-04-24T10:55:14-04:00,pre_open
2026-04-24,INTC,66.7604,82.39,23.38,141622128,4985909100,2026-04-24T10:55:14-04:00,pre_open
2026-04-24,POET,11.72,14.78,26.11,46748105,90308339,2026-04-24T11:11:04-04:00,pre_open
2026-04-24,MX,4.27,5.374,25.85,3103929,29045110,2026-04-24T11:11:04-04:00,pre_open
2026-04-24,INTC,66.8201,82.4601,23.48,150917467,4985909100,2026-04-24T11:11:04-04:00,pre_open
2026-04-24,LIDR,1.69,2.37,40.24,88772581,43397976,2026-04-24T11:44:29-04:00,pre_open
2026-04-24,ATOM,6.1704,8.4804,37.0,3286659,30689619,2026-04-24T11:44:29-04:00,pre_open
2026-04-24,POET,11.71,15.03,28.24,52864253,90308339,2026-04-24T11:44:29-04:00,pre_open
2026-04-24,MX,4.255,5.395,26.35,4008191,29045110,2026-04-24T11:44:29-04:00,pre_open
2026-04-24,OGN,8.595,10.575,22.97,13768334,258709502,2026-04-24T11:44:29-04:00,pre_open
2026-04-24,INTC,66.7601,82.07,22.9,162670019,4985909100,2026-04-24T11:44:29-04:00,pre_open
2026-04-24,LIDR,1.69,2.3499,39.05,89403407,43397976,2026-04-24T11:49:13-04:00,pre_open
2026-04-24,ATOM,6.1796,8.5696,38.44,4055912,30689619,2026-04-24T11:49:13-04:00,pre_open
2026-04-24,POET,11.7272,15.44,31.74,54295563,90308339,2026-04-24T11:49:13-04:00,pre_open
2026-04-24,MX,4.258,5.388,26.18,4061550,29045110,2026-04-24T11:49:13-04:00,pre_open
2026-04-24,OGN,8.594,10.684,24.23,14306878,258709502,2026-04-24T11:49:13-04:00,pre_open
2026-04-24,INTC,66.7727,82.3,23.24,164600441,4985909100,2026-04-24T11:49:13-04:00,pre_open
2026-04-24,LIDR,1.69,2.345,38.76,89432909,43397976,2026-04-24T11:49:49-04:00,pre_open
2026-04-24,ATOM,6.19,8.565,38.37,4118716,30689619,2026-04-24T11:49:49-04:00,pre_open
2026-04-24,POET,11.72,15.35,30.97,54374864,90308339,2026-04-24T11:49:49-04:00,pre_open
2026-04-24,MX,4.27,5.4098,26.69,4063789,29045110,2026-04-24T11:49:49-04:00,pre_open
2026-04-24,OGN,8.6,10.715,24.59,14336056,258709502,2026-04-24T11:49:49-04:00,pre_open
2026-04-24,INTC,66.7699,82.23,23.14,164733610,4985909100,2026-04-24T11:49:49-04:00,pre_open
2026-04-27,SGMT,5.86,8.3634,42.72,36908677,27107230,2026-04-27T10:59:33-04:00,pre_open
2026-04-27,MANE,67.84,90.48,33.37,1725970,35082327,2026-04-27T10:59:33-04:00,pre_open
2026-04-27,ORKA,69.0762,83.225,20.56,3989919,26476553,2026-04-27T10:59:33-04:00,pre_open
2026-04-27,SGMT,5.86,8.31,41.81,38731935,27107230,2026-04-27T11:21:45-04:00,pre_open
2026-04-27,MANE,67.84,95.005,40.04,2019166,35082327,2026-04-27T11:21:45-04:00,pre_open
2026-04-27,ORKA,69.0947,82.95,20.17,4252897,26476553,2026-04-27T11:21:45-04:00,pre_open
2026-04-27,SGMT,5.86,8.2802,41.3,38828637,27107230,2026-04-27T11:25:24-04:00,pre_open
2026-04-27,MANE,67.84,94.44,39.21,2026461,35082327,2026-04-27T11:25:24-04:00,pre_open
2026-04-27,MANE,67.84,91.66,35.11,2148634,35082327,2026-04-27T11:50:42-04:00,pre_open
2026-04-27,ORKA,69.03,83.31,20.69,4450883,26476553,2026-04-27T11:50:42-04:00,pre_open
2026-04-27,SGMT,5.86,8.655,47.7,42013467,27107230,2026-04-27T12:05:28-04:00,pre_open
2026-04-27,MANE,67.84,93.39,37.66,2194870,35082327,2026-04-27T12:05:28-04:00,pre_open
2026-04-27,SGMT,5.86,8.62,47.1,42151583,27107230,2026-04-27T12:09:32-04:00,pre_open
2026-04-27,MANE,67.84,92.59,36.48,2203964,35082327,2026-04-27T12:09:32-04:00,pre_open
2026-04-27,SGMT,5.86,8.675,48.04,42275711,27107230,2026-04-27T12:11:45-04:00,pre_open
2026-04-27,MANE,67.84,92.55,36.42,2212701,35082327,2026-04-27T12:11:45-04:00,pre_open
2026-04-28,KNSA,43.61,52.355,20.05,1725113,70946022,2026-04-28T11:42:48-04:00,pre_open
2026-04-28,ATLN,1.6,2.01,25.62,621406,33823362,2026-04-28T12:24:25-04:00,pre_open
2026-04-28,ATLN,1.6,2.01,25.62,621536,33823362,2026-04-28T12:24:50-04:00,pre_open
2026-04-29,KALV,19.24,26.72,38.88,44099642,37847844,2026-04-29T11:04:55-04:00,pre_open
2026-04-29,SIMO,149.18,194.585,30.44,2349651,32503310,2026-04-29T11:04:55-04:00,pre_open
2026-04-29,DSGN,12.81,16.24,26.78,1201175,36274536,2026-04-29T11:04:55-04:00,pre_open
2026-04-29,NXPI,230.385,286.08,24.17,4129855,252245579,2026-04-29T11:04:55-04:00,pre_open
2026-04-29,BE,226.73,278.54,23.05,10642228,222533318,2026-04-29T11:04:55-04:00,pre_open
2026-04-29,FVRR,10.36,12.6688,22.29,2375144,30237438,2026-04-29T11:04:55-04:00,pre_open
2026-04-29,EXTR,17.0348,20.545,20.5,2759433,129504314,2026-04-29T11:04:55-04:00,pre_open
2026-04-29,KALV,19.24,26.72,38.88,45878177,37847844,2026-04-29T11:30:19-04:00,pre_open
2026-04-29,SIMO,149.18,195.4599,31.02,2430497,32503310,2026-04-29T11:30:19-04:00,pre_open
2026-04-29,DSGN,12.81,16.4,28.02,1346836,36274536,2026-04-29T11:30:19-04:00,pre_open
2026-04-29,BE,226.21,281.34,24.28,11944095,222533318,2026-04-29T11:30:19-04:00,pre_open
2026-04-29,NXPI,230.125,285.51,23.93,4749386,252245579,2026-04-29T11:30:19-04:00,pre_open
2026-04-29,MXL,51.82,63.68,22.44,5760825,84156226,2026-04-29T11:30:19-04:00,pre_open
2026-04-29,COCO,51.565,62.725,21.49,2278930,48817986,2026-04-29T11:30:19-04:00,pre_open
2026-04-29,PRCH,8.585,10.415,21.25,3725763,79951947,2026-04-29T11:30:19-04:00,pre_open
2026-04-29,EXTR,17.055,20.485,20.15,3234638,129504314,2026-04-29T11:30:19-04:00,pre_open
2026-04-29,KALV,19.24,26.7249,38.9,45883830,37847844,2026-04-29T11:31:03-04:00,pre_open
2026-04-29,SIMO,149.18,195.87,31.3,2431874,32503310,2026-04-29T11:31:03-04:00,pre_open
2026-04-29,DSGN,12.81,16.43,28.26,1347266,36274536,2026-04-29T11:31:03-04:00,pre_open
2026-04-29,BE,226.37,281.25,24.24,11970245,222533318,2026-04-29T11:31:03-04:00,pre_open
2026-04-29,NXPI,230.3155,285.575,23.96,4753828,252245579,2026-04-29T11:31:03-04:00,pre_open
2026-04-29,MXL,52.09,63.79,22.65,5775697,84156226,2026-04-29T11:31:03-04:00,pre_open
2026-04-29,COCO,51.71,62.56,21.17,2284209,48817986,2026-04-29T11:31:03-04:00,pre_open
2026-04-29,PRCH,8.6,10.4,21.07,3733434,79951947,2026-04-29T11:31:03-04:00,pre_open
2026-04-29,EXTR,17.05,20.48,20.12,3239873,129504314,2026-04-29T11:31:03-04:00,pre_open
2026-04-29,KALV,19.24,26.7249,38.9,45900354,37847844,2026-04-29T11:33:50-04:00,pre_open
2026-04-29,SIMO,149.18,195.12,30.8,2440912,32503310,2026-04-29T11:33:50-04:00,pre_open
2026-04-29,DSGN,12.81,16.3903,27.95,1352604,36274536,2026-04-29T11:33:50-04:00,pre_open
2026-04-29,BE,226.37,282.75,24.91,12024686,222533318,2026-04-29T11:33:50-04:00,pre_open
2026-04-29,NXPI,230.385,286.185,24.22,4821091,252245579,2026-04-29T11:33:50-04:00,pre_open
2026-04-29,MXL,51.935,63.915,22.89,5920442,84156226,2026-04-29T11:33:50-04:00,pre_open
2026-04-29,PRCH,8.59,10.42,21.3,3747645,79951947,2026-04-29T11:33:50-04:00,pre_open
2026-04-29,COCO,51.63,62.465,20.99,2294317,48817986,2026-04-29T11:33:50-04:00,pre_open
2026-04-29,KALV,19.24,26.715,38.85,46888554,37847844,2026-04-29T11:57:19-04:00,pre_open
2026-04-29,SIMO,149.2917,194.34,30.27,2516170,32503310,2026-04-29T11:57:19-04:00,pre_open
2026-04-29,DSGN,12.81,16.62,29.74,1425310,36274536,2026-04-29T11:57:19-04:00,pre_open
2026-04-29,MXL,52.1,65.48,25.9,7685620,84156226,2026-04-29T11:57:19-04:00,pre_open
2026-04-29,NXPI,230.425,287.08,24.61,5186505,252245579,2026-04-29T11:57:19-04:00,pre_open
2026-04-29,BE,226.3699,275.95999,21.91,12645320,222533318,2026-04-29T11:57:19-04:00,pre_open
2026-04-29,PRCH,8.57,10.4,21.07,3970095,79951947,2026-04-29T11:57:19-04:00,pre_open
2026-04-29,COCO,51.6901,62.41,20.88,2422410,48817986,2026-04-29T11:57:19-04:00,pre_open
2026-04-29,KALV,19.24,26.7018,38.78,47361858,37847844,2026-04-29T12:10:41-04:00,pre_open
2026-04-29,DSGN,12.81,17,32.71,1503072,36274536,2026-04-29T12:10:41-04:00,pre_open
2026-04-29,SIMO,149.435,195.75,31.22,2567691,32503310,2026-04-29T12:10:41-04:00,pre_open
2026-04-29,MXL,52.04,67.04,28.9,8208883,84156226,2026-04-29T12:10:41-04:00,pre_open
2026-04-29,NXPI,230.605,290.76,26.21,5511102,252245579,2026-04-29T12:10:41-04:00,pre_open
2026-04-29,BE,226.01,278.84,23.18,12939602,222533318,2026-04-29T12:10:41-04:00,pre_open
2026-04-29,COCO,51.54,63.22,22.45,2513407,48817986,2026-04-29T12:10:41-04:00,pre_open
2026-04-29,EXTR,17.0498,20.5948,20.79,3870669,129504314,2026-04-29T12:10:41-04:00,pre_open
2026-04-29,PRCH,8.58,10.36,20.61,4061539,79951947,2026-04-29T12:10:41-04:00,pre_open
2026-04-29,KALV,19.24,26.7045,38.8,47453472,37847844,2026-04-29T12:15:13-04:00,pre_open
2026-04-29,DSGN,12.81,17.095,33.45,1585807,36274536,2026-04-29T12:15:13-04:00,pre_open
2026-04-29,SIMO,149.18,195.2897,30.91,2576531,32503310,2026-04-29T12:15:13-04:00,pre_open
2026-04-29,MXL,52.1532,66.8644,28.56,8383655,84156226,2026-04-29T12:15:13-04:00,pre_open
2026-04-29,NXPI,230.235,288.38,25.17,5576650,252245579,2026-04-29T12:15:13-04:00,pre_open
2026-04-29,BE,226.65,278.07001,22.84,12999128,222533318,2026-04-29T12:15:13-04:00,pre_open
2026-04-29,COCO,51.56,63.39,22.78,2525563,48817986,2026-04-29T12:15:13-04:00,pre_open
2026-04-29,EXTR,17.05,20.61,20.88,3914673,129504314,2026-04-29T12:15:13-04:00,pre_open
2026-04-29,PRCH,8.5747,10.3447,20.43,4082438,79951947,2026-04-29T12:15:13-04:00,pre_open
2026-04-29,KALV,19.24,26.7028,38.79,47460658,37847844,2026-04-29T12:16:19-04:00,pre_open
2026-04-29,DSGN,12.81,17.0604,33.18,1587247,36274536,2026-04-29T12:16:19-04:00,pre_open
2026-04-29,SIMO,149.18,195.39,30.98,2579914,32503310,2026-04-29T12:16:19-04:00,pre_open
2026-04-29,MXL,52.01,66.74,28.32,8400718,84156226,2026-04-29T12:16:19-04:00,pre_open
2026-04-29,NXPI,230.385,288.405,25.18,5584415,252245579,2026-04-29T12:16:19-04:00,pre_open
2026-04-29,COCO,51.63,63.66,23.3,2533440,48817986,2026-04-29T12:16:19-04:00,pre_open
2026-04-29,BE,226.37,277.81,22.72,13007875,222533318,2026-04-29T12:16:19-04:00,pre_open
2026-04-29,EXTR,17.05,20.715,21.5,3943245,129504314,2026-04-29T12:16:19-04:00,pre_open
2026-04-29,PRCH,8.59,10.375,20.78,4090981,79951947,2026-04-29T12:16:19-04:00,pre_open
2026-04-29,FCEL,9.91,11.94,20.12,5875562,52793369,2026-04-29T12:16:19-04:00,pre_open
2026-04-30,BAND,24.2,34.7,43.39,1822684,28229398,2026-04-30T11:01:38-04:00,pre_open
2026-04-30,XRX,1.57,2.125,35.35,37645563,118857075,2026-04-30T11:01:38-04:00,pre_open
2026-04-30,RDZN,1.7181,2.1081,22.56,668383,36092576,2026-04-30T11:01:38-04:00,pre_open
2026-04-30,VISN,10.47,12.73,21.59,14368937,217262234,2026-04-30T11:01:38-04:00,pre_open
2026-04-30,PI,120.0784,145.8884,21.53,564882,29270016,2026-04-30T11:01:38-04:00,pre_open
2026-04-30,GTX,20.485,24.87,21.38,2391383,173065528,2026-04-30T11:01:38-04:00,pre_open
2026-04-30,HTZ,5.593,6.778,21.04,24467279,296549001,2026-04-30T11:01:38-04:00,pre_open
2026-04-30,NVCR,11.925,14.33,20.12,1852999,94967113,2026-04-30T11:01:38-04:00,pre_open
2026-04-30,XRX,1.5749,2.2599,43.94,41306034,118857075,2026-04-30T11:25:09-04:00,pre_open
2026-04-30,BAND,24.2,34.185,41.26,1974662,28229398,2026-04-30T11:25:09-04:00,pre_open
2026-04-30,RDZN,1.72,2.14,24.42,805700,36092576,2026-04-30T11:25:09-04:00,pre_open
2026-04-30,VISN,10.47,12.91,23.3,16307894,217262234,2026-04-30T11:25:09-04:00,pre_open
2026-04-30,GTX,20.49,25.19,22.94,2681415,173065528,2026-04-30T11:25:09-04:00,pre_open
2026-04-30,HTZ,5.5843,6.84,22.14,27008333,296549001,2026-04-30T11:25:09-04:00,pre_open
2026-04-30,PI,120.17,145.73,21.4,625469,29270016,2026-04-30T11:25:09-04:00,pre_open
2026-04-30,NVCR,11.967,14.447,21.1,2105631,94967113,2026-04-30T11:25:09-04:00,pre_open
2026-04-30,PACK,3.94,4.74,20.3,788792,72635672,2026-04-30T11:25:09-04:00,pre_open
2026-04-30,QURE,16.6,20.1,20.14,1605767,55256390,2026-04-30T11:25:09-04:00,pre_open
2026-04-30,XRX,1.57,2.285,45.54,41792448,118857075,2026-04-30T11:29:02-04:00,pre_open
2026-04-30,BAND,24.2,33.47,38.31,1996895,28229398,2026-04-30T11:29:02-04:00,pre_open
2026-04-30,RDZN,1.72,2.14,24.42,830145,36092576,2026-04-30T11:29:02-04:00,pre_open
2026-04-30,VISN,10.48,12.95,23.69,16546754,217262234,2026-04-30T11:29:02-04:00,pre_open
2026-04-30,GTX,20.5162,25.1562,22.77,2700646,173065528,2026-04-30T11:29:02-04:00,pre_open
2026-04-30,HTZ,5.6101,6.8301,21.97,27165875,296549001,2026-04-30T11:29:02-04:00,pre_open
2026-04-30,NVCR,11.9448,14.4999,21.54,2200815,94967113,2026-04-30T11:29:02-04:00,pre_open
2026-04-30,QURE,16.73,20.165,20.53,1636174,55256390,2026-04-30T11:29:02-04:00,pre_open
2026-04-30,PI,120.3086,144.315,20.22,641278,29270016,2026-04-30T11:29:02-04:00,pre_open
2026-04-30,VLN,1.51,2.1801,44.38,24843575,74575661,2026-04-30T11:48:25-04:00,pre_open
2026-04-30,XRX,1.57,2.2401,42.68,44163129,118857075,2026-04-30T11:48:25-04:00,pre_open
2026-04-30,BAND,24.2,32.9505,36.16,2120877,28229398,2026-04-30T11:48:25-04:00,pre_open
2026-04-30,NVCR,11.93,15.1,26.57,2561867,94967113,2026-04-30T11:48:25-04:00,pre_open
2026-04-30,QURE,16.73,20.69,23.67,1851191,55256390,2026-04-30T11:48:25-04:00,pre_open
2026-04-30,VISN,10.46,12.85,22.73,17682321,217262234,2026-04-30T11:48:25-04:00,pre_open
2026-04-30,RDZN,1.72,2.11,22.67,888511,36092576,2026-04-30T11:48:25-04:00,pre_open
2026-04-30,HTZ,5.6,6.795,21.34,27902252,296549001,2026-04-30T11:48:25-04:00,pre_open
2026-05-01,CERS,2.0314,2.8464,40.22,10914781,189069390,2026-05-01T10:14:22-04:00,pre_open
2026-05-01,TEAM,68.59,83.98,22.44,8687435,257771761,2026-05-01T10:14:22-04:00,pre_open
2026-05-01,ATOM,8.18,9.9428,21.55,1656098,30689619,2026-05-01T10:14:22-04:00,pre_open
2026-05-01,CERS,2.03,2.87,41.38,12840724,189069390,2026-05-01T10:34:31-04:00,pre_open
2026-05-01,ATOM,8.1574,10.51,28.48,3212702,30689619,2026-05-01T10:34:31-04:00,pre_open
2026-05-01,TEAM,68.55,83.42,21.62,10444233,257771761,2026-05-01T10:34:31-04:00,pre_open
2026-05-01,FIVN,17.2,20.91,21.57,5107780,73474183,2026-05-01T10:34:31-04:00,pre_open
2026-05-01,EGHT,1.9262,2.31,20.31,1477222,133981563,2026-05-01T10:34:31-04:00,pre_open
2026-05-01,CERS,2.03,2.8801,41.88,12980570,189069390,2026-05-01T10:39:12-04:00,pre_open
2026-05-01,ATOM,8.1824,10.3243,26.21,3493180,30689619,2026-05-01T10:39:12-04:00,pre_open
2026-05-01,TEAM,68.515,82.58,20.4,10794017,257771761,2026-05-01T10:39:12-04:00,pre_open
2026-05-01,EGHT,1.9216,2.305,20.05,1496479,133981563,2026-05-01T10:39:12-04:00,pre_open
2026-05-01,CERS,2.03,2.66,31.03,14825373,189069390,2026-05-01T10:59:08-04:00,pre_open
2026-05-01,ATOM,8.18,10.4227,27.42,4025587,30689619,2026-05-01T10:59:08-04:00,pre_open
2026-05-01,TEAM,68.59,83.905,22.33,11657375,257771761,2026-05-01T10:59:08-04:00,pre_open
2026-05-01,FIVN,17.1945,21.015,22.18,5790635,73474183,2026-05-01T10:59:08-04:00,pre_open
2026-05-01,EGHT,1.92,2.3208,20.88,1607509,133981563,2026-05-01T10:59:08-04:00,pre_open
2026-05-01,ATOM,8.18,10.66,30.32,5141793,30689619,2026-05-01T11:31:23-04:00,pre_open
2026-05-01,CERS,2.025,2.575,26.85,16358687,189069390,2026-05-01T11:31:23-04:00,pre_open
2026-05-01,TEAM,68.7792,84.94,23.84,13136477,257771761,2026-05-01T11:31:23-04:00,pre_open
2026-05-01,FIVN,17.1599,21.22,23.37,6719762,73474183,2026-05-01T11:31:23-04:00,pre_open
2026-05-01,LWLG,13.7,16.8,22.45,9000184,146488995,2026-05-01T11:31:23-04:00,pre_open
2026-05-01,EGHT,1.9151,2.325,21.09,1855195,133981563,2026-05-01T11:31:23-04:00,pre_open
2026-05-01,ATOM,8.18,10.63,29.95,5180336,30689619,2026-05-01T11:33:32-04:00,pre_open
2026-05-01,CERS,2.03,2.578,27.0,16412609,189069390,2026-05-01T11:33:32-04:00,pre_open
2026-05-01,FIVN,17.1776,21.46,24.77,6854018,73474183,2026-05-01T11:33:32-04:00,pre_open
2026-05-01,TEAM,68.58,85.03,23.97,13246745,257771761,2026-05-01T11:33:32-04:00,pre_open
2026-05-01,LWLG,13.685,16.81,22.52,9123907,146488995,2026-05-01T11:33:32-04:00,pre_open
2026-05-01,EGHT,1.92,2.33,21.35,1860332,133981563,2026-05-01T11:33:32-04:00,pre_open
2026-05-01,ATOM,8.18,10.6,29.58,5188927,30689619,2026-05-01T11:34:42-04:00,pre_open
2026-05-01,CERS,2.03,2.57,26.6,16467198,189069390,2026-05-01T11:34:42-04:00,pre_open
2026-05-01,FIVN,17.1935,21.51,25.06,6890921,73474183,2026-05-01T11:34:42-04:00,pre_open
2026-05-01,TEAM,68.6708,85.065,24.02,13296913,257771761,2026-05-01T11:34:42-04:00,pre_open
2026-05-01,LWLG,13.735,16.775,22.27,9149943,146488995,2026-05-01T11:34:42-04:00,pre_open
2026-05-01,EGHT,1.92,2.33,21.35,1861654,133981563,2026-05-01T11:34:42-04:00,pre_open
2026-05-04,BZAI,2.03,2.625,29.31,26295919,59301341,2026-05-04T11:05:21-04:00,pre_open
2026-05-04,CABA,2.94,3.57,21.43,12271745,84295585,2026-05-04T11:05:21-04:00,pre_open
2026-05-04,BZAI,2.03,2.745,35.22,28545483,59301341,2026-05-04T11:25:33-04:00,pre_open
2026-05-04,BZAI,2.03,2.6399,30.04,981063,59301341,2026-05-04T11:32:31-04:00,pre_open
2026-05-04,BZAI,2.03,2.6898,32.5,31368575,59301341,2026-05-04T12:03:16-04:00,pre_open
2026-05-04,REPL,2.4901,3.1,24,557758,76116578,2026-05-04T12:03:16-04:00,pre_open
2026-05-04,CABA,2.94,3.5664,21.31,14417960,84295585,2026-05-04T12:03:16-04:00,pre_open
2026-05-04,BZAI,2.03,2.695,32.76,31991549,59301341,2026-05-04T12:17:05-04:00,pre_open
2026-05-04,CABA,2.94,3.63,23.47,15555907,84295585,2026-05-04T12:17:05-04:00,pre_open
2026-05-04,REPL,2.5,3.06,22.4,887087,76116578,2026-05-04T12:17:05-04:00,pre_open
2026-05-04,BZAI,2.03,2.735,34.73,32093682,59301341,2026-05-04T12:19:01-04:00,pre_open
2026-05-04,REPL,2.5,3.0899,23.6,1013903,76116578,2026-05-04T12:19:01-04:00,pre_open
2026-05-04,CABA,2.935,3.62,23.13,15624731,84295585,2026-05-04T12:19:01-04:00,pre_open
2026-05-04,BZAI,2.0311,2.7611,36.01,32476607,59301341,2026-05-04T12:20:31-04:00,pre_open
2026-05-04,CABA,2.9399,3.6399,23.81,15673725,84295585,2026-05-04T12:20:31-04:00,pre_open
2026-05-04,REPL,2.495,3.06,22.4,1064833,76116578,2026-05-04T12:20:31-04:00,pre_open
2026-05-05,STRL,529.49,778.95,47.11,1281619,29950327,2026-05-05T11:35:49-04:00,pre_open
2026-05-05,DOCN,108.81,145.93,34.11,7637604,71493844,2026-05-05T11:35:49-04:00,pre_open
2026-05-05,POET,7.11,9.355,31.58,56332384,90308339,2026-05-05T11:35:49-04:00,pre_open
2026-05-05,VRDN,14.06,18.03,28.24,9954965,69560778,2026-05-05T11:35:49-04:00,pre_open
2026-05-05,DGXX,3.95,4.92,24.56,82092590,59380074,2026-05-05T11:35:49-04:00,pre_open
2026-05-05,BLDP,3.2851,4.0801,24.02,8274607,254545702,2026-05-05T11:35:49-04:00,pre_open
2026-05-05,IART,10.6764,12.8497,20.65,1143781,58831681,2026-05-05T11:35:49-04:00,pre_open
2026-05-05,STIM,2.011,2.436,20.59,3400293,36025134,2026-05-05T11:35:49-04:00,pre_open
2026-05-05,FTRE,12.265,14.77,20.57,1254096,92946199,2026-05-05T11:35:49-04:00,pre_open
2026-05-05,STRL,529.49,777.84,46.9,1363834,29950327,2026-05-05T11:54:44-04:00,pre_open
2026-05-05,DOCN,108.795,147.46,35.52,8753384,71493844,2026-05-05T11:54:44-04:00,pre_open
2026-05-05,DGXX,3.95,5.135,30.0,84730227,59380074,2026-05-05T11:54:44-04:00,pre_open
2026-05-05,POET,7.115,9.185,29.18,60137465,90308339,2026-05-05T11:54:44-04:00,pre_open
2026-05-05,VRDN,14.0364,18.125,28.91,10185111,69560778,2026-05-05T11:54:44-04:00,pre_open
2026-05-05,BLDP,3.2801,4.05,23.1,9377658,254545702,2026-05-05T11:54:44-04:00,pre_open
2026-05-05,TONX,2.09,2.545,21.77,1111947,32325903,2026-05-05T11:54:44-04:00,pre_open
2026-05-05,IART,10.65,12.9456,21.55,1238249,58831681,2026-05-05T11:54:44-04:00,pre_open
2026-05-05,FTRE,12.25,14.8326,21.08,1296663,92946199,2026-05-05T11:54:44-04:00,pre_open
2026-05-05,EVER,14.61,21.86,49.62,3644760,28200433,2026-05-05T12:07:42-04:00,pre_open
2026-05-05,STRL,529.49,781,47.5,1429579,29950327,2026-05-05T12:07:42-04:00,pre_open
2026-05-05,DGXX,3.955,5.58,41.27,88764751,59380074,2026-05-05T12:07:42-04:00,pre_open
2026-05-05,DOCN,108.81,147.18,35.26,9051041,71493844,2026-05-05T12:07:42-04:00,pre_open
2026-05-05,POET,7.1188,9.2688,30.36,61774834,90308339,2026-05-05T12:07:42-04:00,pre_open
2026-05-05,VRDN,14.06,18.2658,29.91,10360135,69560778,2026-05-05T12:07:42-04:00,pre_open
2026-05-05,TONX,2.09,2.57,22.97,1142947,32325903,2026-05-05T12:07:42-04:00,pre_open
2026-05-05,BLDP,3.29,4.025,22.34,9847633,254545702,2026-05-05T12:07:42-04:00,pre_open
2026-05-05,FTRE,12.275,14.95,22.04,1364107,92946199,2026-05-05T12:07:42-04:00,pre_open
2026-05-05,IART,10.6431,12.96,21.69,1305969,58831681,2026-05-05T12:07:42-04:00,pre_open
