date,symbol,prev_close,pm_price,gap_pct,pm_volume,float_shares,captured_at,phase
2026-04-12,ZNTL,4.42,6.61,49.55,46116463,48670653,2026-04-12T16:49:01-04:00,pre_open
2026-04-12,OGN,6.91,8.83,27.79,38055722,258709502,2026-04-12T16:49:01-04:00,pre_open
2026-04-12,SIDU,3.34,4.25,27.25,48259136,35153372,2026-04-12T16:49:01-04:00,pre_open
2026-04-12,LWLG,8.44,10.6,25.59,13576594,146459526,2026-04-12T16:49:01-04:00,pre_open
2026-04-12,SPIR,17.92,21.56,20.31,6064844,28343095,2026-04-12T16:49:01-04:00,pre_open
2026-04-13,ALLO,2.72,4.0049,47.24,48233982,162195742,2026-04-13T10:28:50-04:00,pre_open
2026-04-13,RVMD,96.315,129.655,34.46,6264152,172247017,2026-04-13T10:28:50-04:00,pre_open
2026-04-13,SYRE,51.3311,64.34,25.44,2302993,52572996,2026-04-13T10:28:50-04:00,pre_open
2026-04-13,IDYA,30.6,36.6,20,4311449,86961353,2026-04-13T10:28:50-04:00,pre_open
2026-04-13,ALLO,2.72,3.775,38.79,53000400,162195742,2026-04-13T10:57:52-04:00,pre_open
2026-04-13,RVMD,96.43,131.745,36.62,7589627,172247017,2026-04-13T10:57:52-04:00,pre_open
2026-04-13,SYRE,51.29,63.3,23.42,2613525,52572996,2026-04-13T10:57:52-04:00,pre_open
2026-04-13,ALLO,2.7101,3.7701,38.61,53045019,162195742,2026-04-13T10:58:20-04:00,pre_open
2026-04-13,RVMD,96.42,131.74,36.62,7591603,172247017,2026-04-13T10:58:20-04:00,pre_open
2026-04-13,SYRE,51.29,63.0771,22.98,2614040,52572996,2026-04-13T10:58:20-04:00,pre_open
2026-04-13,RVMD,96.43,131.31,36.17,8063481,172247017,2026-04-13T11:17:52-04:00,pre_open
2026-04-13,ALLO,2.7249,3.4299,26.1,56971745,162195742,2026-04-13T11:17:52-04:00,pre_open
2026-04-13,RVMD,96.43,133.71,38.66,8902811,172247017,2026-04-13T11:53:40-04:00,pre_open
2026-04-13,ALLO,2.72,3.475,27.76,64005289,162195742,2026-04-13T11:53:40-04:00,pre_open
2026-04-13,HURA,2.27,2.8035,23.5,1855001,41234490,2026-04-13T11:53:40-04:00,pre_open
2026-04-13,SYRE,51.31,62.19,21.25,3412974,52572996,2026-04-13T11:53:40-04:00,pre_open
2026-04-13,RVMD,96.35,132.9,37.82,9018212,172247017,2026-04-13T11:57:30-04:00,pre_open
2026-04-13,ALLO,2.725,3.535,29.96,64425346,162195742,2026-04-13T11:57:30-04:00,pre_open
2026-04-13,SYRE,51.2899,63.25,23.32,3495149,52572996,2026-04-13T11:57:30-04:00,pre_open
2026-04-13,HURA,2.2689,2.7889,22.86,1894316,41234490,2026-04-13T11:57:30-04:00,pre_open
2026-04-13,RVMD,96.585,133.105,38.03,9035376,172247017,2026-04-13T11:58:57-04:00,pre_open
2026-04-14,TVTX,30.7057,40.4657,31.81,8388760,90502661,2026-04-14T10:46:28-04:00,pre_open
2026-04-14,BE,176.6,212.24,20.13,10010591,222533318,2026-04-14T10:46:28-04:00,pre_open
2026-04-14,TVTX,30.7,40.38,31.53,8711354,90502661,2026-04-14T10:58:09-04:00,pre_open
2026-04-14,BE,176.68,214.2,21.24,10867842,222533318,2026-04-14T10:58:09-04:00,pre_open
2026-04-14,IONQ,29.78,35.72,20.03,30179729,357284321,2026-04-14T10:58:09-04:00,pre_open
2026-04-14,TVTX,30.7,41.395,34.84,8883282,90502661,2026-04-14T11:02:41-04:00,pre_open
2026-04-14,BE,176.665,213.145,20.65,11089429,222533318,2026-04-14T11:02:41-04:00,pre_open
2026-04-14,TVTX,30.7,41.29,34.5,9113931,90502661,2026-04-14T11:17:06-04:00,pre_open
2026-04-14,BE,176.67,213.82,21.03,11724412,222533318,2026-04-14T11:17:06-04:00,pre_open
2026-04-14,TVTX,30.7,41.47,35.08,9482253,90502661,2026-04-14T11:47:28-04:00,pre_open
2026-04-14,BE,176.6067,217.3517,23.03,13670240,222533318,2026-04-14T11:47:28-04:00,pre_open
2026-04-14,CRDO,134.31,162.32,20.81,10912156,164882752,2026-04-14T11:47:28-04:00,pre_open
2026-04-14,TVTX,30.7,41.015,33.6,9838591,90502661,2026-04-14T11:51:14-04:00,pre_open
2026-04-14,BE,176.58,217.74,23.25,13799038,222533318,2026-04-14T11:51:14-04:00,pre_open
2026-04-14,CRDO,134.14,161.61,20.28,11086949,164882752,2026-04-14T11:51:14-04:00,pre_open
2026-04-14,TVTX,30.7,41.005,33.57,9856177,90502661,2026-04-14T11:53:31-04:00,pre_open
2026-04-14,BE,176.5101,217.39,23.05,13845899,222533318,2026-04-14T11:53:31-04:00,pre_open
2026-04-15,NNBR,1.57,2.19,39.49,4519759,44361624,2026-04-15T10:27:03-04:00,pre_open
2026-04-15,NNBR,1.57,2.01,28.03,7922783,44361624,2026-04-15T10:51:25-04:00,pre_open
2026-04-15,NNBR,1.575,2.045,30.25,8114515,44361624,2026-04-15T10:58:00-04:00,pre_open
2026-04-15,NNBR,1.57,2.03,29.3,8516313,44361624,2026-04-15T11:09:02-04:00,pre_open
2026-04-15,NNBR,1.57,2.01,28.03,9402761,44361624,2026-04-15T11:44:53-04:00,pre_open
2026-04-15,QBTS,16.9696,20.365,20.01,53199152,357924919,2026-04-15T11:49:04-04:00,pre_open
2026-04-15,NNBR,1.575,2,27.39,9466435,44361624,2026-04-15T11:53:05-04:00,pre_open
2026-04-16,CDNA,17.57,22.42,27.6,1253119,49617882,2026-04-16T10:49:38-04:00,pre_open
2026-04-16,EVTL,2.66,3.235,21.62,5298402,96079852,2026-04-16T10:49:38-04:00,pre_open
2026-04-16,CDNA,17.57,21.9563,24.96,1392976,49617882,2026-04-16T11:09:31-04:00,pre_open
2026-04-16,EVTL,2.66,3.245,21.99,6034003,96079852,2026-04-16T11:09:31-04:00,pre_open
2026-04-16,AXTI,62.93,76.45,21.48,8102852,36900669,2026-04-16T11:09:31-04:00,pre_open
2026-04-16,NN,16.925,20.545,21.07,3040060,63505437,2026-04-16T11:09:31-04:00,pre_open
2026-04-16,ACHV,3.56,4.46,25.63,4370852,47129102,2026-04-16T11:13:24-04:00,pre_open
2026-04-16,CDNA,17.57,22.05,25.5,1447838,49617882,2026-04-16T11:13:24-04:00,pre_open
2026-04-16,EVTL,2.6551,3.315,24.62,6260827,96079852,2026-04-16T11:13:24-04:00,pre_open
2026-04-16,AXTI,62.9467,76.3567,21.34,8331007,36900669,2026-04-16T11:13:24-04:00,pre_open
2026-04-16,NN,16.97,20.47,20.62,3072494,63505437,2026-04-16T11:13:24-04:00,pre_open
2026-04-16,EVTL,2.66,3.4404,29.34,7647797,96079852,2026-04-16T11:43:39-04:00,pre_open
2026-04-16,ACHV,3.55,4.54,27.89,5046292,47129102,2026-04-16T11:43:39-04:00,pre_open
2026-04-16,AXTI,62.93,77.0301,22.41,9830055,36900669,2026-04-16T11:43:39-04:00,pre_open
2026-04-16,CDNA,17.57,21.325,21.37,1552239,49617882,2026-04-16T11:43:39-04:00,pre_open
2026-04-16,NN,16.97,20.435,20.42,3623678,63505437,2026-04-16T11:43:39-04:00,pre_open
2026-04-16,ACHV,3.55,5.0126,41.2,8400655,47129102,2026-04-16T12:01:30-04:00,pre_open
2026-04-16,EVTL,2.66,3.51,31.95,8797858,96079852,2026-04-16T12:01:30-04:00,pre_open
2026-04-16,CDNA,17.57,21.57,22.77,1634719,49617882,2026-04-16T12:01:30-04:00,pre_open
2026-04-16,AXTI,62.9818,76.365,21.35,10251143,36900669,2026-04-16T12:01:30-04:00,pre_open
2026-04-16,NN,16.97,20.4212,20.34,3835314,63505437,2026-04-16T12:01:30-04:00,pre_open
2026-04-16,ACHV,3.55,5.05,42.25,9332544,47129102,2026-04-16T12:07:09-04:00,pre_open
2026-04-16,EVTL,2.665,3.495,31.39,9080833,96079852,2026-04-16T12:07:09-04:00,pre_open
2026-04-16,CDNA,17.57,21.32,21.34,1639981,49617882,2026-04-16T12:07:09-04:00,pre_open
2026-04-16,NN,16.9213,20.4513,20.51,3875817,63505437,2026-04-16T12:07:09-04:00,pre_open
2026-04-16,ACHV,3.55,5.005,40.99,9394175,47129102,2026-04-16T12:09:04-04:00,pre_open
2026-04-16,EVTL,2.66,3.405,28.01,9259931,96079852,2026-04-16T12:09:04-04:00,pre_open
2026-04-16,CDNA,17.5185,21.3585,21.56,1643618,49617882,2026-04-16T12:09:04-04:00,pre_open
2026-04-16,NN,16.97,20.41,20.27,3899865,63505437,2026-04-16T12:09:04-04:00,pre_open
2026-04-17,BZAI,1.73,2.385,37.86,26986480,59301341,2026-04-17T10:18:03-04:00,pre_open
2026-04-17,CRML,9.27,12.6886,36.88,28693560,30462953,2026-04-17T10:18:03-04:00,pre_open
2026-04-17,LZM,3.885,5.09,31.02,2153365,32157000,2026-04-17T10:18:03-04:00,pre_open
2026-04-17,RPAY,3.18,4.095,28.77,16535513,65119481,2026-04-17T10:18:03-04:00,pre_open
2026-04-17,CRML,9.2601,13.41,44.66,36523480,30462953,2026-04-17T10:38:26-04:00,pre_open
2026-04-17,BZAI,1.7303,2.2803,31.81,38439678,59301341,2026-04-17T10:38:26-04:00,pre_open
2026-04-17,LZM,3.885,5.085,30.89,2415173,32157000,2026-04-17T10:38:26-04:00,pre_open
2026-04-17,RPAY,3.1788,4.0588,27.64,19229492,65119481,2026-04-17T10:38:26-04:00,pre_open
2026-04-17,CRML,9.27,13.695,47.73,38404919,30462953,2026-04-17T10:43:22-04:00,pre_open
2026-04-17,BZAI,1.73,2.3,32.95,39172105,59301341,2026-04-17T10:43:22-04:00,pre_open
2026-04-17,LZM,3.885,5.09,31.02,2443520,32157000,2026-04-17T10:43:22-04:00,pre_open
2026-04-17,RPAY,3.17,4.075,28.14,19330462,65119481,2026-04-17T10:43:22-04:00,pre_open
2026-04-17,CRML,9.255,13.17,42.07,43975744,30462953,2026-04-17T10:59:02-04:00,pre_open
2026-04-17,LZM,3.885,5.24,34.88,2573139,32157000,2026-04-17T10:59:02-04:00,pre_open
2026-04-17,BZAI,1.73,2.285,32.08,42251217,59301341,2026-04-17T10:59:02-04:00,pre_open
2026-04-17,RPAY,3.18,4.065,27.83,19748865,65119481,2026-04-17T10:59:02-04:00,pre_open
2026-04-17,CRML,9.27,12.97,39.91,51018645,30462953,2026-04-17T11:34:37-04:00,pre_open
2026-04-17,BZAI,1.73,2.355,36.13,47679046,59301341,2026-04-17T11:34:37-04:00,pre_open
2026-04-17,LZM,3.885,5.08,30.76,2855135,32157000,2026-04-17T11:34:37-04:00,pre_open
2026-04-17,RPAY,3.18,4.0801,28.31,20261111,65119481,2026-04-17T11:34:37-04:00,pre_open
2026-04-17,INFQ,15.56,19.54,25.5,13217737,41400010,2026-04-17T11:34:37-04:00,pre_open
2026-04-17,ANL,13.69,16.46,20.23,603313,22238315,2026-04-17T11:34:37-04:00,pre_open
2026-04-17,CRML,9.27,13.12,41.53,51434199,30462953,2026-04-17T11:37:56-04:00,pre_open
2026-04-17,BZAI,1.73,2.3601,36.42,47991059,59301341,2026-04-17T11:37:56-04:00,pre_open
2026-04-17,LZM,3.885,5.097,31.2,2869523,32157000,2026-04-17T11:37:56-04:00,pre_open
2026-04-17,INFQ,15.5218,20.405,31.05,14123655,41400010,2026-04-17T11:37:56-04:00,pre_open
2026-04-17,RPAY,3.18,4.0686,27.94,20295311,65119481,2026-04-17T11:37:56-04:00,pre_open
2026-04-17,ANL,13.6904,16.6,21.26,603471,22238315,2026-04-17T11:37:56-04:00,pre_open
2026-04-17,CRML,9.27,13.105,41.37,51733716,30462953,2026-04-17T11:40:03-04:00,pre_open
2026-04-17,BZAI,1.73,2.365,36.71,48102287,59301341,2026-04-17T11:40:03-04:00,pre_open
2026-04-17,INFQ,15.6343,20.94,34.49,15069664,41400010,2026-04-17T11:40:03-04:00,pre_open
2026-04-17,LZM,3.88,5.06,30.24,2882324,32157000,2026-04-17T11:40:03-04:00,pre_open
2026-04-17,RPAY,3.18,4.05,27.36,20325416,65119481,2026-04-17T11:40:03-04:00,pre_open
2026-04-17,ANL,13.69,16.6833,21.86,608534,22238315,2026-04-17T11:40:03-04:00,pre_open
2026-04-20,CMPS,6.66,9.205,38.21,17129629,93513472,2026-04-20T10:29:20-04:00,pre_open
2026-04-20,ATAI,4.03,5.145,27.67,26042354,102494286,2026-04-20T10:29:20-04:00,pre_open
2026-04-20,GHRS,18.34,23.21,26.55,589634,44848062,2026-04-20T10:29:20-04:00,pre_open
2026-04-20,POET,7.265,8.985,23.76,23765117,90308339,2026-04-20T10:29:20-04:00,pre_open
2026-04-20,CMPS,6.66,9.1273,37.05,18939244,93513472,2026-04-20T10:59:37-04:00,pre_open
2026-04-20,ATAI,4.02,5.125,27.17,29426039,102494286,2026-04-20T10:59:37-04:00,pre_open
2026-04-20,GHRS,18.34,22.23,21.21,722276,44848062,2026-04-20T10:59:37-04:00,pre_open
2026-04-20,WIMI,1.965,2.39,20.71,863945,37500469,2026-04-20T10:59:37-04:00,pre_open
2026-04-20,CMPS,6.66,8.97,34.68,19377984,93513472,2026-04-20T11:05:19-04:00,pre_open
2026-04-20,ATAI,4.03,5.085,26.18,30060348,102494286,2026-04-20T11:05:19-04:00,pre_open
2026-04-20,CMPS,6.66,8.93,34.08,20388352,93513472,2026-04-20T11:18:39-04:00,pre_open
2026-04-20,ATAI,4.03,5.075,25.93,31421680,102494286,2026-04-20T11:18:39-04:00,pre_open
2026-04-20,POET,7.255,8.765,20.73,30751016,90308339,2026-04-20T11:18:39-04:00,pre_open
2026-04-20,CMPS,6.66,9.3099,39.79,22049444,93513472,2026-04-20T11:51:13-04:00,pre_open
2026-04-20,ATAI,4.0331,5.1931,28.86,32925738,102494286,2026-04-20T11:51:13-04:00,pre_open
2026-04-20,FLWS,3.882,4.717,21.73,1957873,54364776,2026-04-20T11:51:13-04:00,pre_open
2026-04-20,POET,7.265,8.735,20.32,33623877,90308339,2026-04-20T11:51:13-04:00,pre_open
2026-04-20,CMPS,6.661,9.32,39.94,22199037,93513472,2026-04-20T11:54:24-04:00,pre_open
2026-04-20,ATAI,4.03,5.255,30.4,33498630,102494286,2026-04-20T11:54:24-04:00,pre_open
2026-04-20,FLWS,3.8847,4.7297,22.06,2009459,54364776,2026-04-20T11:54:24-04:00,pre_open
2026-04-20,CMPS,6.66,9.345,40.32,22235205,93513472,2026-04-20T11:55:05-04:00,pre_open
2026-04-20,ATAI,4.025,5.255,30.4,33538880,102494286,2026-04-20T11:55:05-04:00,pre_open
2026-04-20,FLWS,3.875,4.755,22.71,2038107,54364776,2026-04-20T11:55:05-04:00,pre_open
2026-04-20,POET,7.255,8.73,20.25,33965535,90308339,2026-04-20T11:55:05-04:00,pre_open
2026-04-21,NVTS,13.2,16.21,22.8,35016365,189846859,2026-04-21T10:30:25-04:00,pre_open
2026-04-21,EVH,2.93,3.54,20.82,1868973,102456667,2026-04-21T10:30:25-04:00,pre_open
2026-04-21,POET,8.625,10.31,20.02,34253596,90308339,2026-04-21T10:30:25-04:00,pre_open
2026-04-21,NVTS,13.2,15.865,20.19,41465432,189846859,2026-04-21T10:55:12-04:00,pre_open
2026-04-21,NVTS,13.2,15.88,20.3,41693685,189846859,2026-04-21T10:55:38-04:00,pre_open
2026-04-21,POET,8.59,10.475,21.94,44121910,90308339,2026-04-21T11:49:17-04:00,pre_open
2026-04-21,NVTS,13.1914,15.8614,20.16,53717328,189846859,2026-04-21T11:49:17-04:00,pre_open
2026-04-21,POET,8.589,10.414,21.23,44687959,90308339,2026-04-21T11:53:19-04:00,pre_open
2026-04-21,POET,8.59,10.385,20.9,44904846,90308339,2026-04-21T11:55:09-04:00,pre_open
2026-04-22,MAAS,9.08,12.7,39.87,1008367,120403961,2026-04-22T10:30:23-04:00,pre_open
2026-04-22,NMAX,7.3768,9.1,25,2130129,30922203,2026-04-22T10:30:23-04:00,pre_open
2026-04-22,HCSG,19.3789,23.9789,23.92,611259,69466532,2026-04-22T10:30:23-04:00,pre_open
2026-04-22,MAAS,9.08,11.42,25.77,1705454,120403961,2026-04-22T10:54:37-04:00,pre_open
2026-04-22,HCSG,19.35,23.8994,23.51,730884,69466532,2026-04-22T10:54:37-04:00,pre_open
2026-04-22,NMAX,7.3158,8.8758,21.92,3250299,30922203,2026-04-22T10:54:37-04:00,pre_open
2026-04-22,NMAX,7.28,9.44,29.67,3802279,30922203,2026-04-22T11:00:16-04:00,pre_open
2026-04-22,MAAS,9.11,11.4,25.55,1751573,120403961,2026-04-22T11:00:16-04:00,pre_open
2026-04-22,HCSG,19.35,23.765,22.82,776861,69466532,2026-04-22T11:00:16-04:00,pre_open
2026-04-22,NMAX,7.28,9.751,33.94,6238996,30922203,2026-04-22T11:17:57-04:00,pre_open
2026-04-22,MAAS,9.08,11.7746,29.68,1829299,120403961,2026-04-22T11:17:57-04:00,pre_open
2026-04-22,HCSG,19.35,23.61,22.02,846124,69466532,2026-04-22T11:17:57-04:00,pre_open
